@article{HowRieMar10,
author = {Howlader, Nadia and Ries, Lynn A. G. and Mariotto, Angela B. and Reichman, Marsha E. and Ruhl, Jennifer and Cronin, Kathleen A}, 
title = {Improved Estimates of Cancer-Specific Survival Rates From Population-Based Data}, 
volume = {102}, 
number = {20}, 
pages = {1584-1598}, 
year = {2010}, 
journal = {Journal of the National Cancer Institute} 
}

@Article{BelPreCan08,
  author = 	 {Beltr\'{a}n-S\'{a}nchez, Hiram and Preston, Samuel H. and Canudas-Romo, Vladimir},
  title = 	 {An Integrated Approach to Cause-of-Death Analysis: Cause-Deleted Life Tables and Decompositions of Life Expectancy},
  journal = 	 {Demographic Research},
  year = 	 2008,
  volume =	 19,
  number =	 35,
  pages =	 {1323-1350}
}
@Book{PreHeuGui00,
  author = 	 {Preston, Samuel H. and Heuveline, Patrick and Guillot, Michel},
  title = 	 {Demography: Measuring and Modeling Population Processes},
  publisher = 	 {Blackwell},
  year = 	 2000,
  address = 	 {Oxford, UK}}

@Article{Boongarts06,
  author = 	 {Boongarts, John},
  title = 	 {How Long Will We Live?},
  journal = 	 {Population and Development Review},
  year = 	 2006,
  volume =	 32,
  number =	 4,
  pages =	 {605-628}
}
@Article{Boongarts05,
  author = 	 {Boongarts, John},
  title = 	 {Long-range Trends in Adult Mortality: Models and Projection Methods},
  journal = 	 {Demography},
  year = 	 2005,
  volume =	 42,
  number =	 1,
  pages =	 {23-49}
}

@article{HorSon89,
author = {Horm, John W. and Sondik, Edward J},
title = {Person-years of life lost due to cancer in the United States, 1970 and 1984.},
journal = {American Journal of Public Health},
volume = {79},
number = {11},
pages = {1490-1493},
year = {1989}
}

@article{SonIyeArm10,
author = {Soneji, Samir and Iyer, Shally Shalini and Armstrong, Katrina and Asch, David A},
title = {Racial Disparities in Stage-Specific Colorectal Cancer Mortality: 1960-2005},
journal = {Am J Public Health},
volume = {100},
number = {10},
pages = {1912-1916},
year = {2010}
}

@article{KinJemLif08,
author = {Kinsey, Tracy and Jemal, Ahmedin and Liff, Jonathan and Ward, Elizabeth and Thun, Michael}, 
title = {Secular Trends in Mortality From Common Cancers in the United States by Educational Attainment, 1993-2001}, 
volume = {100}, 
number = {14}, 
pages = {1003-1012}, 
year = {2008}, 
journal = {Journal of the National Cancer Institute} 
}

@article{AlbWarJem07,
author = {Albano, Jessica D. and Ward, Elizabeth and Jemal, Ahmedin and Anderson, Robert and Cokkinides, Vilma E. and Murray, Taylor and Henley, Jane and Liff, Jonathan and Thun, Michael J}, 
title = {Cancer Mortality in the United States by Education Level and Race}, 
volume = {99}, 
number = {18}, 
pages = {1384-1394}, 
year = {2007}, 
journal = {Journal of the National Cancer Institute} 
}


@article{Cutler08,
author = {Cutler, David M}, 
title = {Are We Finally Winning the War on Cancer?}, 
volume = {22}, 
number = {4}, 
pages = {3-26}, 
year = {2008}, 
journal = {Journal of Economic Perspectives} 
}

@article{CleLiHan02,
author = {Clegg, Limin X. and Li, Frederick P. and Hankey, Benjamin F. and Chu, Kenneth and Edwards, Brenda K},
title = {Cancer Survival Among US Whites and Minorities: A SEER (Surveillance, Epidemiology, and End Results) Program Population-Based Study},
journal = {Arch Intern Med},
volume = {162},
number = {17},
pages = {1985-1993},
year = {2002}
}

@article {JemSieXu10,
author = {Jemal, Ahmedin and Siegel, Rebecca and Xu, Jiaquan and Ward, Elizabeth},
title = {Cancer Statistics, 2010},
journal = {CA: A Cancer Journal for Clinicians},
volume = {60},
number = {5},
pages = {277--300},
year = {2010}
}

@TechReport{StatAbstract11,
  author = 	 {{US Census Bureau}},
  title = 	 {Statistical Abstract of the United States: 2011},
  institution =  {US Department of Commerce},
  year = 	 2010,
  number = 	 {130th Edition},
  address = 	 {Washington DC}
}

@TechReport{StatAbstract12,
  author = 	 {{US Census Bureau}},
  title = 	 {Statistical Abstract of the United States: 2012},
  year = 	 2011,
  institution =  {US Department of Commerce},
  number = 	 {131st Edition},
  address = 	 {Washington DC}
}

@Article{BurJefBen05,
  author = 	 {Burnet, NG and Jefferies, SJ and Benson, RJ and Hunt, DP and Treasure, FP},
  title = 	 {Years of life lost (YLL) from cancer is an important measure of population burden - and should be considered when allocating research funds},
  journal = 	 {British Journal of Cancer},
  year = 	 2005,
  volume = 	 92,
  pages = 	 {241-245}}

@Article{OkoSch11,
  author = 	 {Okon, Ted  and Schwartzberg, Lee},
  title = 	 { Are We Winning the War on Cancer?},
  journal = 	 {The American Journal of Managed Care},
  year = 	 2011,
  volume = 	 17,
  pages = 	 {74-76}}

@article{BaiGor97,
author = {Bailar, John C. and Gornik, Heather L},
title = {Cancer Undefeated},
journal = {New England Journal of Medicine},
volume = {336},
number = {22},
pages = {1569-1574},
year = {1997}
}

@article{BaiSmi86,
author = {Bailar, John C. and Smith, Elaine M},
title = {Progress against Cancer?},
journal = {New England Journal of Medicine},
volume = {314},
number = {19},
pages = {1226-1232},
year = {1986}
}

@article{Extramual90,
author = {{Extramual Committee To Assess Measures of Progress Against Cancer}}, title = {Measurement of Progress Against Cancer}, 
volume = {82}, 
number = {10}, 
pages = {825-835}, 
year = {1990}, 
journal = {Journal of the National Cancer Institute} 
}

@article{WelSchWol00,
author = {Welch, H. Gilbert and Schwartz, Lisa M. and Woloshin, Steven}, 
title = {Are Increasing 5-Year Survival Rates Evidence of Success Against Cancer?}, 
volume = {283}, 
number = {22}, 
pages = {2975-2978}, 
year = {2000}, 
journal = {JAMA: The Journal of the American Medical Association} 
}

@article {GatCapCol00,
author = {Gatta, Gemma and Capocaccia, Riccardo and Coleman, Michel P. and Gloeckler Ries, Lynn A. and Hakulinen, Timo and Micheli, Andrea and Sant, Milena and Verdecchia, Arduino and Berrino, Franco},
title = {Toward a comparison of survival in American and European cancer patients},
journal = {Cancer},
volume = {89},
number = {4},
pages = {893--900},
year = {2000},
}

@article{ThoHowGal07,
author = {Thorpe, Kenneth E.  and Howard,David H. and Galactionova, Katya}, 
title = {Differences In Disease Prevalence As A Source Of The U.S.-European Health Care Spending Gap}, 
volume = {26}, 
number = {6}, 
pages = {678-386}, 
year = {2007}, 
journal = {Health Affairs} 
}

@Article{Keyfitz77,
  author = 	 {Keyfitz, Nathan},
  title = 	 {What Difference Would it make if Cancer were Eradicated? An Examination of the Taeuber Paradox},
  journal = 	 {Demography},
  year = 	 1977,
  volume =	 14,
  number =	 4,
  pages =	 {411-418}
}

@article{RusSatFry10,
	title = {Triangulating on Success: Innovation, Public Health, Medical Care, and {Cause-Specific} {US} Mortality Rates Over a Half Century (1950â€“2000)},
	volume = {100},
	number = {S1},
	journal = {American Journal of Public Health},
	author = {Rust, George and Satcher, David and Fryer, George Edgar and Levine, Robert S. and Blumenthal, Daniel S},
	month = April,
	year = {2010},
	pages = {S95--S104}
}

@article{ManGuLow09,
	title = {{NIH} funding trajectories and their correlations with {US} health dynamics from 1950 to 2004},
	volume = {106},
	number = {27},
	journal = {Proceedings of the National Academy of Sciences of the United States of America},
	author = {Manton, Kenneth G. and Gu, {Xi-Liang} and Lowrimore, Gene and Ullian, Arthur and Tolley, H. Dennis},
	year = {2009},
	pages = {10981--10986}
}

@incollection{PreHo11,
       title={Low Life Expectancy in the United States: Is the Health Care System at Fault?},
       booktitle={International Differences in Mortality at Older Ages: Dimensions and Sources},
       author={Preston, Samuel H. and Ho, Jessica},
       editor= {Crimmins,Eileen M and Preston, Samuel H. and Cohen, Barney},
       publisher= {National Research Council},
       year={2011},
       chapter=9,
       pages= {259-298}
}

@article{PreWilGle09,
	title = {A New Method for Estimating Smoking-attributable Mortality in High-income Countries},
	volume = {39},
	number = {2},
	journal = {International Journal of Epidemiology},
	author = {Preston, Samuel H. and Glei, Dana A. and Wilmoth, John R},
	year = {2009},
	pages = {430-438}
}

@article{JemWarThu10,
	title = {Declining Death Rates Reflect Progress against Cancer},
	volume = {5},
	number = {3},
	journal = {Plos One},
	author = {Jemal, Ahmedin and Ward, Elizabeth and Thun, Michael},
	year = {2010},
	pages = {e9584}
}

@misc{SEER11,
  author = 	 {{National Cancer Institute}},
  title = 	 {SEER Cancer Statistics Review 1975-2008},
  howpublished = "Available: \url{http://seer.cancer.gov/csr/1975_2008/results_merged/topic_survival.pdf}",
  year= 2011,
  note= {[accessed December 2011]}}

@misc{NCHS10,
  author = 	 {{National Center for Health Statistics}},
  title = 	 {Table 58. Current Cigarette Smoking among Adults 18 years of Age and over, by Sex, Race, and Age: United States, Selected years 1965-2009},
  howpublished = "Available: \url{http://www.cdc.gov/nchs/data/hus/hus10.pdf#058}",
  year = 	 2010,
  note= {[accessed December 2011]}}

@article{SwaBreCoa03,
	title = {Progress in Cancer Screening Practices in the United States: Results from the 2000 National Health Interview Survey},
	volume = 97,
	number = 6,
	journal = {Cancer},
	author = {Swan, Judith and Breen, Nancy and Coates, Ralph J. and Rimer, Barbara K. and Lee, Nancy C},
	year = 2003,
	pages = {1528-1540}
}

@article{ShaBro02,
	title = {Racial and Ethnic Disparities in the Receipt of Cancer Treatment},
	volume = {94},
	number = {5},
	journal = {Journal of the National Cancer Institute},
	author = {Shavers, Vickie L. and Brown, Martin L},
	year = {2002},
	pages = {334-357}
}

@article{ChuLamFre03,
	title = {Racial Disparities in Breast Carcinoma Survival Rates},
	volume = {97},
	number = {11},
	journal = {Cancer},
	author = {Chu, Kenneth C. and Lamar, Charlsee A. and Freeman, Harold P},
	year = {2003},
	pages = {2853-2860}
}

@article{Gilligan05,
	title = {Social Disparities and Prostate Cancer: Mapping the Gaps in our Knowledge},
	volume = {16},
	number = {1},
	journal = {Cancer Causes and Control},
	author = {Gilligan, Timothy},
	year = {2005},
	pages = {45-53}
}

@article {DolPetWhe94,
	title = {Mortality in relation to smoking: 40 years{\textquoteright} observations on male British doctors},
	journal = {BMJ},
	volume = {309},
	number = {6959},
	year = {1994},
	month = {10},
	pages = {901--911},
	author = {R Doll and R Peto and K Wheatley and R Gray and I Sutherland}
}

@article{AndCraGru09,
author = {Andriole, Gerald L. and Crawford, E. David and Grubb, Robert L. and Buys, Saundra S. and Chia, David and Church, Timothy R. and Fouad, Mona N. and Gelmann, Edward P. and Kvale, Paul A. and Reding, Douglas J. and Weissfeld, Joel L. and Yokochi, Lance A. and O'Brien, Barbara and Clapp, Jonathan D. and Rathmell, Joshua M. and Riley, Thomas L. and Hayes, Richard B. and Kramer, Barnett S. and Izmirlian, Grant and Miller, Anthony B. and Pinsky, Paul F. and Prorok, Philip C. and Gohagan, John K. and Berg, Christine D},
title = {Mortality Results from a Randomized Prostate-Cancer Screening Trial},
journal = {New England Journal of Medicine},
volume = {360},
number = {13},
pages = {1310-1319},
year = {2009}
}

@article{SchHugRoo09,
author = {Schr{\"o}der, Fritz H. and Hugosson, Jonas and Roobol, Monique J. and Tammela, Teuvo L.J. and Ciatto, Stefano and Nelen, Vera and Kwiatkowski, Maciej and Lujan, Marcos and Lilja, Hans and Zappa, Marco and Denis, Louis J. and Recker, Franz and Berenguer, Antonio and Maattanen, Liisa and Bangma, Chris H. and Aus, Gunnar and Villers, Arnauld and Rebillard, Xavier and van der Kwast, Theodorus and Blijenberg, Bert G. and Moss, Sue M. and de Koning, Harry J. and Auvinen, Anssi},
title = {Screening and Prostate-Cancer Mortality in a Randomized European Study},
journal = {New England Journal of Medicine},
volume = {360},
number = {13},
pages = {1320-1328},
year = {2009}
}

@article{TabVitChe11,
author = {Tab\'{a}r, L\'{a}szl\'{o} and Vitak, Bedrich and Chen, Tony Hsiu-Hsi and Yen, Amy Ming-Fang and Cohen, Anders and Tot, Tibor and Chiu, Sherry Yueh-Hsia and Chen, Sam Li-Sheng and Fann, Jean Ching-Yuan and Rosell, Johan and Fohlin, Helena and Smith, Robert A. and Duffy, Stephen W}, 
title = {Swedish Two-County Trial: Impact of Mammographic Screening on Breast Cancer Mortality during 3 Decades}, 
year = {2011}, 
journal = {Radiology}, 
volume = {260}, 
number = {3}, 
pages = {658-663}
}

@article{KlaCroBree11,
author = {Klabunde, Carrie N. and Cronin, Kathleen A. and Breen, Nancy and Waldron, William R. and Ambs, Anita H. and Nadel, Marion R}, 
title = {Trends in Colorectal Cancer Test Use among Vulnerable Populations in the United States}, 
volume = {20}, 
number = {8}, 
pages = {1611-1621}, 
year = {2011}, 
journal = {Cancer Epidemiology Biomarkers \& Prevention} 
}

@article{NeuLeb10,
author = {Neugut, Alfred I. and Lebwohl, Benjamin}, 
title = {Colonoscopy vs Sigmoidoscopy Screening}, 
volume = {304}, 
number = {4}, 
pages = {461-462}, 
year = {2010}, 
journal = {JAMA: The Journal of the American Medical Association} 
}

@Article{Tsiatis75,
  author = 	 {Tsiatis, Anastasios},
  title = 	 {A Nonidentifiability Aspect of the Problem of Competing Risks},
  journal = 	 {Proceeding of the National Academy of Sciences},
  year = 	 1975,
  volume =	 72,
  number=    1,
  pages =	 {20-22}
}

 @Article{YasManSta86,
  author = 	 {Yashin, Anatoli I. and Manton, Kenneth G. and  Stallard, Eric},
  title = 	 {Dependent Competing Risks: A Stochastic Process Model},
  journal = 	 {Journal of Mathematical Biology},
  year = 	 1986,
  volume =	 24,
  pages =	 {119-140}
}

@Article{HonLle06,
  author = 	 {Honor\'e, Bo E. and Lleras-Muney, Adriana},
  title = 	 {Bounds in Competing Risks Models and the War on Cancer},
  journal = 	 {Econometrica},
  year = 	 2006,
  volume =	 74,
  number=    6,
  pages =	 {1675-1698}
}
  
@article{FriLinHul98,
	title = {Cancer control in rural Appalachia
},
	volume = {83},
	number = {S8},
	journal = {Cancer},
	author = {Friedell, Gilbert H and Linville, Linda H and Hullet, Sandral},
	year = {1998},
	pages = {1868--1871}
}

@article{PerStaGlo81,
	title = {Accuracy of cancer death certificates and its effect on cancer mortality statistics},
	volume = {71},
	number = {3},
	journal = {American Journal of Public Health},
	author = {Percy, Constance and Stanek, Edward III and Gloeckler, Lynn},
	year = {1981},
	pages = {242--250}
}

@article{RebHalSan06,
	title = {Genetics, Epidemiology, and Cancer Disparities: Is it Black and White?},
	volume = {24},
	number = {14},
	journal = {Journal of Clinical Oncology},
	author = {Rebbeck, Timothy R. and Halbert, Chanita Hughes and Sankar, Pamela},
	year = {2006},
	pages = {2164 --2169}
}

@article{BluFen11,
	title = {Explaining Low Mortality among US Immigrants Relative to Native-born Americans: the Role of Smoking},
	volume = {40},
	number = {3},
	journal = {International Journal of Epidemiology},
	author = {Blue, Laura and Fenelon, Andrew},
	year = {2011},
	pages = {786--793}
}

@article{KibMar11,
author = {Kiberstis, Paula and Marshall, Eliot}, 
title = {Celebrating an Anniversary}, 
volume = {331}, 
number = {6024}, 
pages = {1539}, 
year = {2011}, 
journal = {Science} 
}

@book{national1999The,
  title={The Unequal Burden of Cancer:An Assessment of NIH Research and Programs for Ethnic Minorities and the Medically Underserved},
  author={M. Alfred Haynes and Brian D. Smedley, Editors; Committee on Cancer Research Among Minorities and the Medically Underserved, Institute of Medicine},
   year={1999},
  publisher={The National Academies Press}
}

@TechReport{president99,
  author = 	 {Freeman, Harold},
  title = 	 {The National Cancer Program: Assessing the Past, Charting the Future},
  institution =  {President's Caner Panel},
  year = 	 2000}


@TechReport{gao87,
  author = 	 {Chelimsky, Eleanor},
  title = 	 {Cancer Patient Survival: What Progress has Been Made?},
  institution =  {US General Accounting Office},
  year = 	 {1987},
  OPTkey = 	 {},
  OPTtype = 	 {},
  number = 	 {B-226468},
  OPTaddress = 	 {},
  OPTmonth = 	 {},
  OPTnote = 	 {},
  OPTannote = 	 {}
}

@article{Ergin2004,
title = "Secular trends in cardiovascular disease mortality, incidence, and case fatality rates in adults in the United States",
journal = "The American Journal of Medicine",
volume = "117",
number = "4",
pages = "219 - 227",
year = "2004",
author = "Ahmet Ergin and Paul Muntner and Roger Sherwin and Jiang He"
}

@article{EdwBroWin05,
author = {Edwards, Brenda K. and Brown, Martin L. and Wingo, Phyllis A. and Howe, Holly L. and Ward, Elizabeth and Ries, Lynn A. G. and Schrag, Deborah and Jamison, Patricia M. and Jemal, Ahmedin and Wu, Xiao Cheng and Friedman, Carol and Harlan, Linda and Warren, Joan and Anderson, Robert N. and Pickle, Linda W.}, 
title = {Annual Report to the Nation on the Status of Cancer, 1975-2002, Featuring Population-Based Trends in Cancer Treatment}, 
volume = {97}, 
number = {19}, 
pages = {1407-1427}, 
year = {2005}, 
journal = {Journal of the National Cancer Institute} 
}

@article{KinPolBen04,
	title = {Disparities in Smoking Cessation Between African Americans and Whites: 1990â€“2000},
	volume = {94},
	number = {11},
	journal = {Am J Public Health},
	author = {King, Gary and Polednak, Anthony and Bendel, Robert B. and Vilsaint, My C. and Nahata, Sunny B.},
	year = {2004},
	pages = {1965--1971}
}

@article {TiwRoy12,
author = {Tiwari, A. K. and Roy, H. K.},
title = {Progress against cancer (1971--2011): how far have we come?},
journal = {Journal of Internal Medicine},
volume = {271},
number = {4},
pages = {392--399},
year = {2012},
}
 
@article{Gapstur17032010,
author = {Gapstur, Susan M. and Thun, Michael J.}, 
title = {Progress in the War on Cancer}, 
volume = {303}, 
number = {11}, 
pages = {1084-1085}, 
year = {2010}, 
journal = {JAMA: The Journal of the American Medical Association} 
}

@article{BerCroPle05,
author = {Berry, Donald A. and Cronin, Kathleen A. and Plevritis, Sylvia K. and Fryback, Dennis G. and Clarke, Lauren and Zelen, Marvin and Mandelblatt, Jeanne S. and Yakovlev, Andrei Y. and Habbema, J. Dik F. and Feuer, Eric J.},
title = {Effect of Screening and Adjuvant Therapy on Mortality from Breast Cancer},
journal = {New England Journal of Medicine},
volume = {353},
number = {17},
pages = {1784-1792},
year = {2005},
}

@article {Smigal06,
author = {Smigal, Carol and Jemal, Ahmedin and Ward, Elizabeth and Cokkinides, Vilma and Smith, Robert and Howe, Holly L. and Thun, Michael},
title = {Trends in Breast Cancer by Race and Ethnicity: Update 2006},
journal = {CA: A Cancer Journal for Clinicians},
volume = {56},
number = {3},
pages = {168--183},
year = {2006},
}

@article {Trinh12,
author = {Trinh, Quoc-Dien and Schmitges, Jan and Sun, Maxine and Sukumar, Shyam and Sammon, Jesse and Shariat, Shahrokh F. and Jeldres, Claudio and Bianchi, Marco and Tian, Zhe and Perrotte, Paul and Rogers, Craig G. and Graefen, Markus and Peabody, James O. and Menon, Mani and Karakiewicz, Pierre I.},
title = {Improvement of racial disparities with respect to the utilization of minimally invasive radical prostatectomy in the United States},
journal = {Cancer},
volume = {118},
number = {7},
pages = {1894--1900},
year = {2012},
}

@article{nystrom02,
	title = {Long-term effects of mammography screening: updated overview of the Swedish randomised trials},
	volume = {359},
	number = {9310},
	journal = {Lancet},
	author = {NystrÃ¶m, Lennarth and Andersson, Ingvar and Bjurstam, Nils and Frisell, Jan and NordenskjÃ¶ld, Bo and Rutqvist, Lars Erik},
	year = {2002},
	pages = {909--919}
}

@article{ebctcg05,
title = "Effects of chemotherapy and hormonal therapy for early breast cancer on recurrence and 15-year survival: an overview of the randomised trials",
journal = "The Lancet",
volume = "365",
number = "9472",
pages = "1687 - 1717",
year = "2005",
author = {{Early Breast Cancer Trialists' Collaborative Group (EBCTCG)}}
}


@article{jemal_trends_2005,
	title = {Trends in the leading causes of death in the United States, 1970-2002},
	volume = 294,
	number = 10,
	journal = {JAMA},
	author = {Jemal, Ahmedin and Ward, Elizabeth and Hao, Yongping and Thun, Michael},
	year = 2005,
	pages = {1255--1259}
}

@article{Kitagawa55,
author = {Kitagawa,Evelyn},
title = {Components of a Difference Between Two Rates},
journal = {Journal of the American Statistical Association},
volume = {50},
number = {272},
pages = {1168-1194},
year = {1955}
}

@article{berry_effect_2005,
	title = {Effect of {Screening} and {Adjuvant} {Therapy} on {Mortality} from {Breast} {Cancer}},
	volume = {353},
	number = {17},
	journal = {New England Journal of Medicine},
	author = {Berry, Donald A. and Cronin, Kathleen A. and Plevritis, Sylvia K. and Fryback, Dennis G. and Clarke, Lauren and Zelen, Marvin and Mandelblatt, Jeanne S. and Yakovlev, Andrei Y. and Habbema, J. Dik F. and Feuer, Eric J.},
	year = {2005},
	pages = {1784--1792},
}

@article{kopans_2009_2010,
	title = {The 2009 {U}.{S}. {Preventive} {Services} {Task} {Force} {Guidelines} {Ignore} {Important} {Scientific} {Evidence} and {Should} {Be} {Revised} or {Withdrawn}},
	volume = {256},
	number = {1},
	journal = {Radiology},
	author = {Kopans, Daniel B.},
	month = jul,
	year = {2010},
	pages = {15--20},
}


@article{petitti_breast_2010,
	title = {Breast {Cancer} {Screening}: {From} {Science} to {Recommendation}},
	volume = {256},
	number = {1},
	journal = {Radiology},
	author = {Petitti, Diana B. and Calonge, Ned and LeFevre, Michael L. and Melnyk, Bernadette Mazurek and Wilt, Timothy J. and Schwartz, J. Sanford},
	month = jul,
	year = {2010},
	pages = {8--14},
}


@book{gotzsche_mammography_2012,
	address = {London ; New York},
	edition = {1 edition},
	title = {Mammography {Screening}: {Truth}, {Lies} and {Controversy}},
	publisher = {Radcliffe Medical PR},
	author = {Gotzsche, M. D., Peter C. and Heath, Iona and Visco, Frank},
	month = mar,
	year = {2012}
}


@article{berry_breast_2013,
	title = {Breast cancer screening: {Controversy} of impact},
	volume = {22},
	number = {0 2},
	urldate = {2015-06-18},
	journal = {Breast},
	author = {Berry, Donald},
	month = aug,
	year = {2013},
	pmid = {24074796},
	pmcid = {PMC4192714},
	pages = {S73--S76},
}


@article{miller_twenty_2014,
	title = {Twenty five year follow-up for breast cancer incidence and mortality of the {Canadian} {National} {Breast} {Screening} {Study}: randomised screening trial},
	volume = {348},
	journal = {BMJ (Clinical research ed.)},
	author = {Miller, Anthony B. and Wall, Claus and Baines, Cornelia J. and Sun, Ping and To, Teresa and Narod, Steven A.},
	year = {2014},
	pages = {g366}
}


@article{harding_c_breast_2015,
	title = {Breast cancer screening, incidence, and mortality across us counties},
	journal = {JAMA Internal Medicine},
	author = {{Harding C} and {Pompei F} and {Burmistrov D} and {Welch H} and {Abebe R} and {Wilson R}},
	month = jul,
	year = {2015},
}

@article{MarProMil2015,
author = {Marcus, Pamela M. and Prorok, Philip C. and Miller, Anthony B. and DeVoto, Emily J. and Kramer, Barnett S.}, 
title = {Conceptualizing Overdiagnosis in Cancer Screening},
volume = {107}, 
number = {4}, 
year = {2015}, 
journal = {Journal of the National Cancer Institute} 
}
